<?xml version="1.0" encoding="UTF-8"?><collection xmlns="http://www.loc.gov/MARC21/slim"><record><leader>00776nam--2200193-i-4500</leader><controlfield tag="001">000024006</controlfield><controlfield tag="002">20161230</controlfield><controlfield tag="005">20161230201035</controlfield><controlfield tag="008">060222s1000------------r-----000-0-eng-d</controlfield><datafield ind1=" " ind2=" " tag="020"><subfield code="a">0444854487</subfield></datafield><datafield ind1=" " ind2=" " tag="040"><subfield code="a">IFIN-HH</subfield></datafield><datafield ind1=" " ind2=" " tag="080"><subfield code="a">539.144(061.3)</subfield></datafield><datafield ind1="1" ind2=" " tag="100"><subfield code="a">Hamilton, Joseph H</subfield></datafield><datafield ind1="1" ind2="0" tag="245"><subfield code="a">Future directions in studies of nuclei far from stability</subfield><subfield code="b">Proceedings of the international symposium on future directions in studies of nuclei far from stability, nashville, tennessee, september 10-13, 1979</subfield><subfield code="c">Joseph h. hamilton, eugene h. spejewski, carrol r. bingham, edward f. zganjar (eds.)</subfield></datafield><datafield ind1=" " ind2=" " tag="260"><subfield code="a">Amsterdam</subfield><subfield code="b">North-holland Publishing Company</subfield><subfield code="c">1980</subfield></datafield><datafield ind1=" " ind2=" " tag="300"><subfield code="a">XIV + 424 P</subfield></datafield><datafield ind1="1" ind2=" " tag="700"><subfield code="a">Zganjar, Edward F</subfield><subfield code="e">Ed</subfield></datafield><datafield ind1=" " ind2=" " tag="852"><subfield code="a">48921</subfield><subfield code="c">539.14</subfield></datafield><datafield ind1=" " ind2=" " tag="CAT"><subfield code="a">Sys</subfield><subfield code="c">20120403</subfield><subfield code="h">164826</subfield></datafield></record></collection>